00100000         2110538230001000017363300014       0163140000000295329 PROJETOS GRIFFE HOME THEATER LBANCO DO BRASIL                         21707201301371900105703000000504600290PROCESSAMEN                                                 
00100011T0100020 20110538230001000017363300014       0163140000000295329 PROJETOS GRIFFE HOME THEATER L                                                                                000000001707201300000000  000000000                      
00100015         000002000000000000000000000000000000000000000000000000000000000000000000000000000000000000000000000000000000000000000000000000000                                                                                              
00199999         000001000004000000                                                                                                                                                            00000000000000000000000000000                    
